01741cam a2200301Ka 4500
001 ocm57665435 
003 OCoLC
005 20080328102918.0
008 050215s2004    ii       d    000 0 eng d
040    $a ACN $c ACN $d OCLCQ $d IXA $d OCL
020    $a 8176500623
020    $a 9788176500623
035    $a (OCoLC)57665435
041 0  $a beneng
092    $a 491.44321
090    $a PK1687 $b .E65 2004
049    $a LNNA
245 00 $6 880-01 $a English-Bengali Bengali-English combined dictionary = $b Iṃrājī - Bāṃlā Bāṃlā - Iṃrājī samshukuta diksánarī / $c compiled by Debasis Adhikary.
260    $a New Delhi : $b World of Learning : $b Distributed by Star Publications, $c 2004.
300    $a 1518 p. ; $c 23 cm.
500    $a "More than 90,000 total words from English to Bengali and Bengali to English."
546    $a Bengali and English.
650  0 $a English language $v Dictionaries $x Bengali.
650  0 $a Bengali language $v Dictionaries $x English.
700 1  $a Adhikary, Debasis.
880 00 $6 245-01 $a English-Bengali Bengali-English combined dictionary = $b &#x0987;&#x0982;&#x09b0;&#x09be;&#x099c;&#x09c0; - &#x09ac;&#x09be;&#x0982;&#x09b2;&#x09be; &#x09ac;&#x09be;&#x0982;&#x09b2;&#x09be; - &#x0987;&#x0982;&#x09b0;&#x09be;&#x099c;&#x09c0; &#x09b8;&#x0982;&#x09af;&#x09c1;&#x0995;&#x09cd;&#x09a4; &#x09a1;&#x09bf;&#x0995;&#x09cd;&#x09b6;&#x09a8;&#x09b0;&#x09c0; / $c compiled by Debasis Adhikary.
880 31 $6 246-00 $a &#x0987;&#x0982;&#x09b0;&#x09be;&#x099c;&#x09c0; - &#x09ac;&#x09be;&#x0982;&#x09b2;&#x09be; &#x09ac;&#x09be;&#x0982;&#x09b2;&#x09be; - &#x0987;&#x0982;&#x09b0;&#x09be;&#x099c;&#x09c0; &#x09b8;&#x0982;&#x09af;&#x09c1;&#x0995;&#x09cd;&#x09a4; &#x09a1;&#x09bf;&#x0995;&#x09cd;&#x09b6;&#x09a8;&#x09b0;&#x09c0;
994    $a C0 $b LNN

