04253nam a22005053i 4500
001 ocm86174229 
003 OCoLC
005 20080328102918.0
008 070326s1977    ii       b    000 0 san d
040    $a STF $c STF
035    $a (OCoLC)86174229
041 0  $a san $a hin
050 04 $a PK511 $b 1977
049    $a LNNA
100 0  $6 880-01 $a Pāṇini.
240 10 $a Aṣṭādhyāyī
245 10 $6 880-02 $a Aṣṭādhyāyīsūtrapāṭhaḥ : $b Pāṇinīyaśikṣā-liṅgānuśāsanasahitaśca / $c Maharṣipāṇinipraṇītaḥ ; upoddhātalekhakaḥ Śrīnārāyaṇa Miśraḥ.
246 15 $a Aṣṭādhyāyīsūtrapāṭha : $b with Pāṇinīyaśikṣā and Liṅgānuśāsana
250    $6 880-03 $a 1. saṃskaraṇa.
260    $6 880-04 $a Vārāṇasī ; $a Dillī : $b Caukhambhā Oriyanṭāliyā ; $a Vārāṇasī : $b anya prāptisthāna, Caukhambhā Viśvabhāratī, $c 1977.
300    $a 100 p.
440  0 $6 880-05 $a Gokuladāsa Saṃskr̥ta granthamālā ; $v 29
546    $a In Sanskrit; introd. in Hindi.
500    $a "Sampādakaḥ Śrīnārāyaṇa Miśraḥ"--Cover.
500    $a Added title page in English.
504    $a Includes bibliographical references.
650  0 $a Sanskrit language $x Grammar.
650  0 $a Sanskrit language $x Accents and accentuation.
700 02 $6 880-06 $a Pāṇini. $t Pāṇinīyaśikṣā.
700 02 $6 880-07 $a Pāṇini. $t Liṅgānuśāsana.
700 1  $6 880-08 $a Miśra, Śrīnārāyaṇa.
740 02 $6 880-09 $a Pāṇinīyaśikṣā.
740 02 $6 880-10 $a Liṅgānuśāsana.
880 0  $6 100-01 $a &#x092a;&#x093e;&#x0923;&#x093f;&#x0928;&#x0940;.
880 10 $6 240-00 $a &#x0905;&#x0937;&#x094d;&#x091f;&#x093e;&#x0927;&#x094d;&#x092f;&#x093e;&#x092f;&#x0940;
880 10 $6 245-02 $a &#x0905;&#x0937;&#x094d;&#x091f;&#x093e;&#x0927;&#x094d;&#x092f;&#x093e;&#x092f;&#x0940;&#x0938;&#x0942;&#x0924;&#x094d;&#x0930;&#x092a;&#x093e;&#x0920;&#x0903; : $b &#x092a;&#x093e;&#x0923;&#x093f;&#x0923;&#x0940;&#x092f;&#x0936;&#x093f;&#x0915;&#x094d;&#x0937;&#x093e;-&#x0932;&#x093f;&#x0919;&#x094d;&#x0917;&#x093e;&#x0928;&#x0941;&#x0936;&#x093e;&#x0938;&#x0928;&#x0938;&#x0939;&#x093f;&#x0924;&#x0936;&#x094d;&#x0930;&#x094d;&#x091a; / $c &#x092e;&#x0939;&#x0930;&#x094d;&#x0937;&#x093f;&#x092a;&#x093e;&#x0923;&#x093f;&#x0928;&#x093f;&#x092a;&#x094d;&#x0930;&#x0923;&#x0940;&#x0924;&#x0903; ; &#x0909;&#x092a;&#x094b;&#x0926;&#x094d;&#x0918;&#x093e;&#x0924;&#x0932;&#x0947;&#x0916;&#x0915;&#x0903; &#x0936;&#x094d;&#x0930;&#x0940;&#x0928;&#x093e;&#x0930;&#x093e;&#x092f;&#x0923; &#x092e;&#x093f;&#x0936;&#x094d;&#x0930;&#x0903;.
880    $6 250-03 $a 1. &#x0938;&#x0902;&#x0938;&#x094d;&#x0915;&#x0930;&#x0923;.
880    $6 260-04 $a &#x0935;&#x093e;&#x0930;&#x093e;&#x0923;&#x0938;&#x0940; ; $a &#x0926;&#x093f;&#x0932;&#x094d;&#x0932;&#x0940; : $b &#x091a;&#x094c;&#x0916;&#x092e;&#x094d;&#x092d;&#x093e; &#x0913;&#x0930;&#x093f;&#x092f;&#x0928;&#x094d;&#x091f;&#x093e;&#x0932;&#x093f;&#x092f;&#x093e; ; $a &#x0935;&#x093e;&#x0930;&#x093e;&#x0923;&#x0938;&#x0940; : $b &#x0905;&#x0928;&#x094d;&#x092f; &#x092a;&#x094d;&#x0930;&#x093e;&#x092a;&#x094d;&#x0924;&#x093f;&#x0938;&#x094d;&#x0925;&#x093e;&#x0928;, &#x091a;&#x094c;&#x0916;&#x092e;&#x094d;&#x092d;&#x093e; &#x0935;&#x093f;&#x0936;&#x094d;&#x0935;&#x092d;&#x093e;&#x0930;&#x0924;&#x0940;, $c 1977.
880  0 $6 440-05 $a &#x0917;&#x094b;&#x0915;&#x0941;&#x0932;&#x0926;&#x093e;&#x0938; &#x0938;&#x0902;&#x0938;&#x094d;&#x0915;&#x0943;&#x0924; &#x0917;&#x094d;&#x0930;&#x0928;&#x094d;&#x0925;&#x092e;&#x093e;&#x0932;&#x093e; ; $v 29
880 02 $6 700-06 $a &#x092a;&#x093e;&#x0923;&#x093f;&#x0928;&#x0940;. $t &#x092a;&#x093e;&#x0923;&#x093f;&#x0923;&#x0940;&#x092f;&#x0936;&#x093f;&#x0915;&#x094d;&#x0937;&#x093e;
880 02 $6 700-07 $a &#x092a;&#x093e;&#x0923;&#x093f;&#x0928;&#x0940;. $t &#x0932;&#x093f;&#x0919;&#x094d;&#x0917;&#x093e;&#x0928;&#x0941;&#x0936;&#x093e;&#x0938;&#x0928;.
880 1  $6 700-08 $a &#x092e;&#x093f;&#x0936;&#x094d;&#x0930;, &#x0936;&#x094d;&#x0930;&#x0940;&#x0928;&#x093e;&#x0930;&#x093e;&#x092f;&#x0923;.
880 02 $6 740-09 $a &#x092a;&#x093e;&#x0923;&#x093f;&#x0923;&#x0940;&#x092f;&#x0936;&#x093f;&#x0915;&#x094d;&#x0937;&#x093e;.
880 02 $6 740-10 $a &#x0932;&#x093f;&#x0919;&#x094d;&#x0917;&#x093e;&#x0928;&#x0941;&#x0936;&#x093e;&#x0938;&#x0928;.
994    $a C0 $b LNN

