02913cam a2200433Ia 4500
001 ocm44944167 
003 OCoLC
005 20080328102918.0
008 000906s2000    ilua          000 0 tam d
040    $a OCO $c OCO $d OCL $d OCLCQ $d TEF
020    $a 0967621208 : $c $24.95
020    $a 9780967621203
035    $a (OCoLC)44944167
041 1  $a tameng $h tam
050  4 $a PL4758.9.T5 $b T5
082 04 $a 894.811 $b T597t
049    $a LNNA
100 0  $a Tiruvaḷḷuvar.
240 10 $6 880-01 $a Thirukku ral. $l Tamil & English
245 10 $6 880-02 $a Thirukkural : $b Thamizh Marai = Tirukkural : the Holy Scripture / $c [by Tiruvalluvar ; English translation by P.S. Sundaram.].
250    $a 1st ed.
260    $a Woodridge, Ill. : $b International Tamil Language Foundation, $c c2000.
300    $a 1813 p. : $b ill. (some col.) ; $c 20 cm.
500    $a Tamil text, with English translation.
500    $a "An edition of this translation was published by Penguin Books in 1991."
500    $a Section 2 and section 3, English translation from Tamil by R. Natarajan.
546    $a Text in Tamil and English.
500    $a Non-Latin script record.
600 00 $a Tiruvaḷḷuvar.
650  0 $a Tamil literature $v Translations into English.
650  0 $a Tamil language materials $x Bilingual.
740 02 $a Handbook of Tamil culture and heritage.
740 02 $a Tamils guide to future.
880 10 $6 240-01 $a &#x0ba4;&#x0bbf;&#x0bb0;&#x0bc2;&#x0b95;&#x0bcd;&#x0b95;&#x0bc1; &#x0bb1;&#x0bb3;&#x0bcd;. $l Tamil & English
880 10 $6 245-02 $a &#x0ba4;&#x0bbf;&#x0bb0;&#x0bc2;&#x0b95;&#x0bcd;&#x0b95;&#x0bc1;&#x0bb1;&#x0bb3;&#x0bcd; : $b &#x0ba4;&#x0bae;&#x0bbf;&#x0bb4;&#x0bcd; &#x0bae;&#x0bb1;&#x0bc8; = Tirukkural : the Holy Scripture / $c [by Tiruvalluvar ; English translation by P.S. Sundaram.]
880 0  $6 505-00 $a Section 1: &#x0ba4;&#x0bbf;&#x0bb0;&#x0bc2;&#x0b95;&#x0bcd;&#x0b95;&#x0bc1;&#x0bb1;&#x0bb3;&#x0bcd; : Tirukkural -- Section 2: &#x0ba4;&#x0bb1;&#x0bbf;&#x0bb4;&#x0bcd;&#x0baa;&#x0bcd; &#x0baa;&#x0ba3;&#x0bcd;&#x0baa;&#x0bbe;&#x0b9f;&#x0bcd;&#x0b9f;&#x0bc2;&#x0b95;&#x0bcd; &#x0b95;&#x0bc8;&#x0baf;&#x0bc7;&#x0b9f;&#x0bc2; : The handbook of Tamil culture and heritage -- Section 3: &#x0ba4;&#x0bae;&#x0bbf;&#x0bb4;&#x0bbf;&#x0ba9; &#x0b8e;&#x0ba4;&#x0bbf;&#x0bb0;&#x0bcd;&#x0b95;&#x0bbe;&#x0bb2; &#x0bb5;&#x0bb4;&#x0bbf;&#x0b95;&#x0bbe;&#x0b9f;&#x0bcd;&#x0b9f;&#x0bbf; : Tamils guide to future.
880 02 $6 740-00 $a &#x0ba4;&#x0bae;&#x0bbf;&#x0bb4;&#x0bcd;&#x0baa;&#x0bcd; &#x0baa;&#x0ba3;&#x0bcd;&#x0baa;&#x0bbe;&#x0b9f;&#x0bcd;&#x0b9f;&#x0bc2;&#x0b95;&#x0bcd; &#x0b95;&#x0bc8;&#x0baf;&#x0bc7;&#x0b9f;&#x0bc2; : The handbook of Tamil culture and heritage.
880 02 $6 740-00 $a &#x0ba4;&#x0bae;&#x0bbf;&#x0bb4;&#x0bbf;&#x0ba9; &#x0b8e;&#x0ba4;&#x0bbf;&#x0bb0;&#x0bcd;&#x0b95;&#x0bbe;&#x0bb2; &#x0bb5;&#x0bb4;&#x0bbf;&#x0b95;&#x0bbe;&#x0b9f;&#x0bcd;&#x0b9f;&#x0bbf; : Tamils guide to future.
994    $a C0 $b LNN

