01358cam a2200301Ia 4500
001 ocm62425106 
003 OCoLC
005 20080328102918.0
008 051203s2002    th            000 f thaod
040    $a TEF $c TEF $d LNQ $d OCL
020    $a 9749204808
020    $a 9789749204801
035    $a (OCoLC)62425106
090    $a PL4209.D837 $b P57 2002
049    $a LNNA
100 0  $6 880-01 $a Dūangtawan.
245 10 $6 880-02 $a Phračhan sǣnkon / $c Dūangtawan.
250    $6 880-03 $a Phim khrang thī 3.
260    $6 880-04 $a Krung Thēp : $b Phimkham Samnakphim, $c 2545 [2002]
300    $a 154 p. ; $c 21 cm.
500    $a Novel.
546    $a In Thai.
655  7 $a Humorous fiction. $2 gsafd
880 0  $6 100-01 $a &#x0e14;&#x0e27;&#x0e07;&#x0e15;&#x0e30;&#x0e27;&#x0e31;&#x0e19;.
880 10 $6 245-02 $a &#x0e1e;&#x0e23;&#x0e30;&#x0e08;&#x0e31;&#x0e19;&#x0e17;&#x0e23;&#x0e4c;&#x0e41;&#x0e2a;&#x0e19;&#x0e01;&#x0e25; / $c &#x0e14;&#x0e27;&#x0e07;&#x0e15;&#x0e30;&#x0e27;&#x0e31;&#x0e19;.
880    $6 250-03 $a &#x0e1e;&#x0e34;&#x0e21;&#x0e1e;&#x0e4c;&#x0e04;&#x0e23;&#x0e31;&#x0e49;&#x0e07;&#x0e17;&#x0e35;&#x0e48; 3.
880    $6 260-04 $a &#x0e01;&#x0e23;&#x0e38;&#x0e07;&#x0e40;&#x0e17;&#x0e1e;&#x0e2f; : $b &#x0e1e;&#x0e34;&#x0e21;&#x0e1e;&#x0e4c;&#x0e04;&#x0e33; &#x0e2a;&#x0e32;&#x0e19;&#x0e31;&#x0e01;&#x0e1e;&#x0e34;&#x0e21;&#x0e1e;&#x0e4c;, $c 2545.
994    $a C0 $b LNN

