05353cam a2200409 a 4500
001 14876782
005 20071121181842.0
008 990326s1997    ai a     b    001 0 armo 
035    $a (Uk)006855813
906    $a p $b cbc $c undeter $d u $e ncip $f 20 $g y-nonroman
010    $a    99189840 
040    $a DLC $b eng $c DLC $d DLC-R $d Uk
043    $a a-ai--- $a a-tu---
050 00 $a BX121 $b .S63 1997
100 1  $6 880-01 $a Smbatyants&#x02bf;, Artak, $c Episkopos, $d 1876-1937
245 10 $6 880-02 $a Artak Episkopos Smbatyants&#x02bf; (Taushets&#x02bf;i) : hogevor, grakan, patma-banasirakan gortsuneut&#x02bf;yuně ev gndakaharut&#x02bf;yuně, 1876-1937 t&#x02bf;t&#x02bf;. / $c kazmets&#x02bf; Sandro Behbudyan.
260    $6 880-03 $a Erevan : $b "Anahit", $c 1997.
300    $a 691 p. : $b ill. ; $c 27 cm.
440  0 $6 880-04 $a Vaveragrer Hay Ekeghets&#x02bf;u patmut&#x02bf;yan ; $v girk&#x02bf; 3
500    $6 880-05 $a At head of title: Hayastani Hanrapetut&#x02bf;yan Kaṛavarut&#x02bf;yann aṛěnt&#x02bf;er. Arkhivayin Gortsi Varch&#x02bf;ut&#x02bf;yun. Arvesti, Grakanut&#x02bf;yan ev Mamuli P&#x02bf;astat&#x02bf;ght&#x02bf;eri Petakan Kentronakan Arkhiv.
504    $a Includes bibliographical references and indexes.
600 10 $6 880-06 $a Smbatyants&#x02bf;, Artak, $c Episkopos, $d 1876-1937
610 20 $6 880-07 $a Armenian Church $x History $v Sources.
650  0 $a Armenians $z Turkey.
651  0 $a Armenia $x History $y 1801-1900 $v Sources.
651  0 $a Armenia $x History $y 1901- $v Sources.
700 1  $6 880-08 $a Behbudyan, Sandro $q (Sandro Artashesi), $d 1934-
852 41 $a British Library $b OC $j HEC.1994.a.294/3
880 1  $6 100-01 / $a &#x054d;&#x0574;&#x0562;&#x0561;&#x057f;&#x0575;&#x0561;&#x0576;&#x0581;, &#x0531;&#x0580;&#x057f;&#x0561;&#x056f;, $c &#x0535;&#x0562;&#x056b;&#x057d;&#x056f;&#x0578;&#x057a;&#x0578;&#x057d;, $d 1876-1937.
880 10 $6 245-02 / $a &#x0531;&#x0580;&#x057f;&#x0561;&#x056f; &#x0535;&#x0562;&#x056b;&#x057d;&#x056f;&#x0578;&#x057a;&#x0578;&#x057d; &#x054d;&#x0574;&#x0562;&#x0561;&#x057f;&#x0575;&#x0561;&#x0576;&#x0581; (&#x054f;&#x0561;&#x0578;&#x0582;&#x0577;&#x0565;&#x0581;&#x056b;) : &#x0570;&#x0578;&#x0563;&#x0565;&#x057e;&#x0578;&#x0580;, &#x0563;&#x0580;&#x0561;&#x056f;&#x0561;&#x0576; &#x057a;&#x0561;&#x057f;&#x0574;&#x0561;-&#x0562;&#x0561;&#x0576;&#x0561;&#x057d;&#x056b;&#x0580;&#x0561;&#x056f;&#x0561;&#x0576; &#x0563;&#x0578;&#x0580;&#x056e;&#x0578;&#x0582;&#x0576;&#x0565;&#x0578;&#x0582;&#x0569;&#x0575;&#x0578;&#x0582;&#x0576;&#x0568; &#x0565;&#x057e; &#x0563;&#x0576;&#x0564;&#x0561;&#x056f;&#x0561;&#x0570;&#x0561;&#x0580;&#x0578;&#x0582;&#x0569;&#x0575;&#x0578;&#x0582;&#x0576;&#x0568;, 1876-1937 &#x0569;&#x0569;. / $c &#x056f;&#x0561;&#x0566;&#x0574;&#x0565;&#x0581; &#x054d;&#x0561;&#x0576;&#x0564;&#x0580;&#x0578; &#x0532;&#x0565;&#x0570;&#x0562;&#x0578;&#x0582;&#x0569;&#x0575;&#x0561;&#x0576;.
880    $6 260-03 / $a &#x0535;&#x0580;&#x0565;&#x057e;&#x0561;&#x0576; : $b «&#x0531;&#x0576;&#x0561;&#x0570;&#x056b;&#x057f;», $c 1997.
880  0 $6 440-04 / $a &#x054e;&#x0561;&#x057e;&#x0565;&#x0580;&#x0561;&#x0563;&#x0580;&#x0565;&#x0580; &#x0540;&#x0561;&#x0575; &#x0535;&#x056f;&#x0565;&#x0572;&#x0565;&#x0581;&#x0578;&#x0582; &#x057a;&#x0561;&#x057f;&#x0574;&#x0578;&#x0582;&#x0569;&#x0575;&#x0561;&#x0576; ; $v &#x0563;&#x056b;&#x0580;&#x0584; 3
880    $6 500-05 / $a &#x054f;&#x056b;&#x057f;&#x0572;&#x0578;&#x057d;&#x056b; &#x0563;&#x056c;&#x0578;&#x0582;&#x056d;: &#x0540;&#x0561;&#x0575;&#x0561;&#x057d;&#x057f;&#x0561;&#x0576;&#x056b; &#x0540;&#x0561;&#x0576;&#x0580;&#x0561;&#x057a;&#x0565;&#x057f;&#x0578;&#x0582;&#x0569;&#x0575;&#x0561;&#x0576; &#x053f;&#x0561;&#x057c;&#x0561;&#x057e;&#x0561;&#x0580;&#x0578;&#x0582;&#x0569;&#x0575;&#x0561;&#x0576; &#x0561;&#x057c;&#x0568;&#x0576;&#x0569;&#x0565;&#x0580;. &#x0531;&#x0580;&#x056d;&#x056b;&#x057e;&#x0561;&#x0575;&#x056b;&#x0576; &#x0533;&#x0578;&#x0580;&#x056e;&#x056b; &#x054e;&#x0561;&#x0580;&#x0579;&#x0578;&#x0582;&#x0569;&#x0575;&#x0578;&#x0582;&#x0576;. &#x0531;&#x0580;&#x057e;&#x0565;&#x057d;&#x057f;&#x056b;, &#x0533;&#x0580;&#x0561;&#x056f;&#x0561;&#x0576;&#x0578;&#x0582;&#x0569;&#x0575;&#x0561;&#x0576; &#x0565;&#x057e; &#x0544;&#x0561;&#x0574;&#x0578;&#x0582;&#x056c;&#x056b; &#x0532;&#x0561;&#x057d;&#x057f;&#x0561;&#x0569;&#x0572;&#x0569;&#x0565;&#x0580;&#x056b; &#x054a;&#x0565;&#x057f;&#x0561;&#x056f;&#x0561;&#x0576; &#x053f;&#x0565;&#x0576;&#x057f;&#x0580;&#x0578;&#x0576;&#x0561;&#x056f;&#x0561;&#x0576; &#x0531;&#x0580;&#x056d;&#x056b;&#x057e;.
880 10 $6 600-06 / $a &#x054d;&#x0574;&#x0562;&#x0561;&#x057f;&#x0575;&#x0561;&#x0576;&#x0581;, &#x0531;&#x0580;&#x057f;&#x0561;&#x056f;, $c &#x0535;&#x0562;&#x056b;&#x057d;&#x056f;&#x0578;&#x057a;&#x0578;&#x057d;, $d 1876-1937.
880 20 $6 610-07 / $a &#x0540;&#x0561;&#x0575;&#x0561;&#x057d;&#x057f;&#x0561;&#x0576;&#x0565;&#x0561;&#x0575;&#x0581; &#x054d;. &#x0535;&#x056f;&#x0565;&#x0572;&#x0565;&#x0581;&#x056b; $x &#x054a;&#x0561;&#x057f;&#x0574;&#x0578;&#x0582;&#x0569;&#x056b;&#x0582;&#x0576; $v &#x0531;&#x0572;&#x0562;&#x056b;&#x0582;&#x0580;&#x0576;&#x0565;&#x0580;.
880 1  $6 700-08 / $a &#x0532;&#x0565;&#x0570;&#x0562;&#x0578;&#x0582;&#x0569;&#x0575;&#x0561;&#x0576;, &#x054d;&#x0561;&#x0576;&#x0564;&#x0580;&#x0578;, $q (&#x054d;&#x0561;&#x0576;&#x0564;&#x0580;&#x0578; &#x0531;&#x0580;&#x057f;&#x0561;&#x0577;&#x0565;&#x057d;&#x056b;), $d 1934-
985    $a armenian LC

02251 am a2200349 a 4500
001 14876783
005 20071121181846.0
008 040502m19461951sy ac         000 0 arm  
035    $a (Uk)006881105
906    $a p $b cbc $c undeter $d u $e ncip $f 20 $g y-nonroman
010    $a   2003207810
035    $a (OCoLC)ocm51506679
040    $a DLC $b eng $c DLC $d OCoLC $d Uk
043    $a a-sy---
050 00 $a BV4539.A75 $b M36
245 00 $6 880-01 $a Mananay : $b taregrk&#x02bf;oyk.
260    $6 880-02 $a Halēp : $b Hratarakut&#x02bf;iwn Hogewor Eghbarut&#x02bf;ean Eritasardats&#x02bf;, $c 1946-1951
300    $a 2 v. : $b ill., ports. ; $c 23 cm.
505 0  $a [1]. 1946, 5-6. 1950-1951.
610 20 $6 880-03 $a Hogewor Eghbayrut&#x02bf;iwn Eritasardats&#x02bf;.
650  0 $a Armenians $x Religious life $z Syria.
650  0 $a Almanacs, Armenian $z Syria.
650  0 $a Youth $x Religious life $z Syria.
650  0 $a Armenians $z Syria $x Social life and customs.
650  0 $a Armenians $z Lebanon $x Social life and customs.
710 2  $6 880-04 $a Hogewor Eghbayrut&#x02bf;iwn Eritasardats&#x02bf;.
852 41 $a British Library $b OC $j HEC.2002.a.492
880 00 $6 245-01 / $a &#x0544;&#x0561;&#x0576;&#x0561;&#x0576;&#x0561;&#x0575; : $b &#x057f;&#x0561;&#x0580;&#x0565;&#x0563;&#x0580;&#x0584;&#x0578;&#x0575;&#x056f;.
880    $6 260-02 / $a &#x0540;&#x0561;&#x056c;&#x0567;&#x057a; : $b &#x0540;&#x0580;&#x0561;&#x057f;&#x0561;&#x0580;&#x0561;&#x056f;&#x0578;&#x0582;&#x0569;&#x056b;&#x0582;&#x0576; &#x0540;&#x0578;&#x0563;&#x0565;&#x0582;&#x0578;&#x0580; &#x0535;&#x0572;&#x0562;&#x0561;&#x0575;&#x0580;&#x0578;&#x0582;&#x0569;&#x0565;&#x0561;&#x0576; &#x0535;&#x0580;&#x056b;&#x057f;&#x0561;&#x057d;&#x0580;&#x0564;&#x0561;&#x0581;, $c 1946-1951.
880 20 $6 610-03 / $a &#x0540;&#x0578;&#x0563;&#x0565;&#x0582;&#x0578;&#x0580; &#x0535;&#x0572;&#x0562;&#x0561;&#x0575;&#x0580;&#x0578;&#x0582;&#x0569;&#x056b;&#x0582;&#x0576; &#x0535;&#x0580;&#x056b;&#x057f;&#x0561;&#x057d;&#x0580;&#x0564;&#x0561;&#x0581;.
880 2  $6 710-04 / $a &#x0540;&#x0578;&#x0563;&#x0565;&#x0582;&#x0578;&#x0580; &#x0535;&#x0572;&#x0562;&#x0561;&#x0575;&#x0580;&#x0578;&#x0582;&#x0569;&#x056b;&#x0582;&#x0576; &#x0535;&#x0580;&#x056b;&#x057f;&#x0561;&#x057d;&#x0580;&#x0564;&#x0561;&#x0581;.
985    $a armenian LC

