05195cab a2200601 a 4500
001 14877413
005 20071121185021.0
008 000316d18551865fr er p       0   z0armod
035    $a (Uk)002863571
906    $a p $b cbc $c undeter $d u $e ncip $f 20 $g y-nonroman
010    $a   2007970007
019 x  $a 2541830122
035    $a (OCoLC)43646516
040    $a Uk $b eng $c Uk
041 1  $a arm $a fre $a rus $h arm
043    $a a-ai--- $a e------
245 00 $6 880-01 $a Maseats&#x02bf; aghawni : $b awetaber Hayastaneayts&#x02bf; / $c [khmb. Gabriēl Ayvazeants&#x02bf;].
246 15 $a Colombe du Massis
246 15 $a Messager de l'Arménie
246 13 $6 880-02 $a Maseats&#x02bf; aghawni awetaber Hayastaneayts&#x02bf;
246 14 $6 880-03 $a Maseats&#x02bf; aghawni ew Tsiatsan Hayastaneayts&#x02bf; $f <Sept. 1861->
246 30 $6 880-04 $a Tsiatsan Hayastaneayts&#x02bf; $f <Sept. 1861->
246 30 $6 880-05 $a Awetaber Hayastaneayts&#x02bf;
260    $6 880-06 $a P&#x02bf;ariz : $b [Khmbagir ew hratarakich&#x02bf; Gabriēl Ayvazeants&#x02bf;], $c 1855- $e (Paris : $f Imp. W. Remquet)
300    $a v. : $b ill., ports. ; $c 32 cm.
310    $a Biweekly, $b <1 Sept. 1861->
321    $a Monthly, $b Jan. 1855->
362 0  $6 880-07 $a 1. tari, t&#x02bf;iw 1 (Hunuar 1855)-
362 1  $a Ceased in 1865.
500    $6 880-08 $a Imprint varies: Paris : i Granots&#x02bf;i Chaniki Aramean, Jan. 1856-> ; Theodosia : Khalipean Usumnaran, <Sept. 1861->
500    $6 880-09 $a Latest issue consulted: 6. tari, t&#x02bf;iw 17 (15 Sept. 1861)
505 0  $a Vol. I (1855); vol. II (1856); vol. III (1857); vol. VI, 1-8 (1861)
515    $a Not published in 1859.
546    $a In Armenian and French.
650  0 $a Armenians $v Periodicals.
650  0 $a Armenians $z Foreign countries $v Periodicals.
650  0 $a Armenians $v Biography $v Periodicals.
651  0 $a Armenia $v Periodicals.
651  0 $a Europe $v 19th century $v Periodicals.
655  4 $a Periodical publications.- Paris
700 1  $6 880-10 $a Ayvazovsk&#x02bf;i, Gabriēl, $d 1812-1880.
852 41 $a British Library $b OC $j 17070.g.5.
880 00 $6 245-01 / $a &#x0544;&#x0561;&#x057d;&#x0565;&#x0561;&#x0581; &#x0561;&#x0572;&#x0561;&#x0582;&#x0576;&#x056b; : $b &#x0561;&#x0582;&#x0565;&#x057f;&#x0561;&#x0562;&#x0565;&#x0580; &#x0540;&#x0561;&#x0575;&#x0561;&#x057d;&#x057f;&#x0561;&#x0576;&#x0565;&#x0561;&#x0575;&#x0581; / $c [&#x056d;&#x0574;&#x0562;. &#x0533;&#x0561;&#x0562;&#x0580;&#x056b;&#x0567;&#x056c; &#x0531;&#x0575;&#x057e;&#x0561;&#x0566;&#x0565;&#x0561;&#x0576;&#x0581;].
880 13 $6 246-02 / $a &#x0544;&#x0561;&#x057d;&#x0565;&#x0561;&#x0581; &#x0561;&#x0572;&#x0561;&#x0582;&#x0576;&#x056b; &#x0561;&#x0582;&#x0565;&#x057f;&#x0561;&#x0562;&#x0565;&#x0580; &#x0540;&#x0561;&#x0575;&#x0561;&#x057d;&#x057f;&#x0561;&#x0576;&#x0565;&#x0561;&#x0575;&#x0581;
880 14 $6 246-03 / $a &#x0544;&#x0561;&#x057d;&#x0565;&#x0561;&#x0581; &#x0561;&#x0572;&#x0561;&#x0582;&#x0576;&#x056b; &#x0565;&#x0582; &#x053e;&#x056b;&#x0561;&#x056e;&#x0561;&#x0576; &#x0540;&#x0561;&#x0575;&#x0561;&#x057d;&#x057f;&#x0561;&#x0576;&#x0565;&#x0561;&#x0575;&#x0581; $f <&#x054d;&#x0565;&#x057a;&#x057f;. 1861->
880 30 $6 246-04 / $a &#x053e;&#x056b;&#x0561;&#x056e;&#x0561;&#x0576; &#x0540;&#x0561;&#x0575;&#x0561;&#x057d;&#x057f;&#x0561;&#x0576;&#x0565;&#x0561;&#x0575;&#x0581; $f <&#x054d;&#x0565;&#x057a;&#x057f;. 1861->
880 30 $6 246-05 / $a &#x0531;&#x0582;&#x0565;&#x057f;&#x0561;&#x0562;&#x0565;&#x0580; &#x0540;&#x0561;&#x0575;&#x0561;&#x057d;&#x057f;&#x0561;&#x0576;&#x0565;&#x0561;&#x0575;&#x0581;
880    $6 260-06 / $a &#x0553;&#x0561;&#x0580;&#x056b;&#x0566; : $b [&#x053d;&#x0574;&#x0562;&#x0561;&#x0563;&#x056b;&#x0580; &#x0587; &#x0570;&#x0580;&#x0561;&#x057f;&#x0561;&#x0580;&#x0561;&#x056f;&#x056b;&#x0579; &#x0533;&#x0561;&#x0562;&#x0580;&#x056b;&#x0567;&#x056c; &#x0531;&#x0575;&#x057e;&#x0561;&#x0566;&#x0565;&#x0561;&#x0576;&#x0581;], $c 1855- $e (Paris : $f Imp. W. Remquet)
880 0  $6 362-07 / $a 1. &#x057f;&#x0561;&#x0580;&#x056b;, &#x0569;&#x056b;&#x0582; 1 (&#x0545;&#x0578;&#x0582;&#x0576;&#x0578;&#x0582;&#x0561;&#x0580; 1855)-
880    $6 500-08 / $a &#x054f;&#x0561;&#x0580;&#x0562;&#x0565;&#x0580; &#x0570;&#x0580;&#x0561;&#x057f;.: &#x0553;&#x0561;&#x0580;&#x056b;&#x0566; : &#x056b; &#x0533;&#x0580;&#x0561;&#x0576;&#x0578;&#x0581;&#x056b; &#x0543;&#x0561;&#x0576;&#x056b;&#x056f;&#x056b; &#x0531;&#x0580;&#x0561;&#x0574;&#x0565;&#x0561;&#x0576;, &#x0545;&#x0578;&#x0582;&#x0576;&#x0578;&#x0582;&#x0561;&#x0580; 1856-> ; &#x0539;&#x0565;&#x0578;&#x0564;&#x0578;&#x057d;&#x056b;&#x0561; : &#x053d;&#x0561;&#x056c;&#x056b;&#x057a;&#x0565;&#x0561;&#x0576; &#x0548;&#x0582;&#x057d;&#x0578;&#x0582;&#x0574;&#x0576;&#x0561;&#x0580;&#x0561;&#x0576;, <&#x054d;&#x0565;&#x057a;&#x057f;. 1861->
880    $6 500-09 / $a &#x0554;&#x0576;&#x0576;&#x0578;&#x0582;&#x0561;&#x056e; &#x057e;&#x0565;&#x0580;&#x057b;&#x056b;&#x0576; &#x0569;&#x056b;&#x0582;: 6. &#x057f;&#x0561;&#x0580;&#x056b;, &#x0569;&#x056b;&#x0582; 17 (15 &#x054d;&#x0565;&#x057a;&#x057f;. 1861)
880 1  $6 700-10 / $a &#x0531;&#x0575;&#x057e;&#x0561;&#x0566;&#x0565;&#x0561;&#x0576;&#x0581;, &#x0533;&#x0561;&#x0562;&#x0580;&#x056b;&#x0567;&#x056c; $d 1812-1880.
985    $a armenian

03142 ab a2200349 a 4500
001 14877417
005 20071121185036.0
008 040502m18121816it wu|p       0   a0arm  
035    $a (Uk)002870975
906    $a p $b cbc $c undeter $d u $e ncip $f 20 $g y-nonroman
010    $a   2007970012
019 x  $a 2543960295
040    $a Uk $b eng $c Uk
245 00 $6 880-01 $a Ditak Biwzandean : $b shabat&#x02bf;at&#x02bf;ert&#x02bf; apa erkshapat&#x02bf;at&#x02bf;ert&#x02bf;, patmut&#x02bf;iwn k&#x02bf;aghak&#x02bf;agan u paterazmakan, banasirakan, ekeghetsakan / $c khmb. Grigor Gaparachean, M. P&#x02bf;iwskiwlean, M. Jakhjakhean.
246 3  $a Tidag Piwzantean
260    $6 880-02 $a i Venetik : $b i Vans Srboyn Ghazaru, $c 1812-1816.
300    $a v. ; $c 23 cm.
500    $a Began 1808; ceased 1816.
650  0 $a Armenians $v Periodicals.
651  0 $a Europe $x History $y 1789-1815 $v Periodicals.
651  0 $a Europe $x Politics and government $y 1789-1915 $v Periodicals.
651  0 $a France $x History $y Consulate and First Empire, 1799-1815 $v Periodicals.
700 1  $6 880-03 $a Karapetean, Grigor Khapaṛachi
700 1  $6 880-04 $a P&#x02bf;iwskiwlean, M.
700 1  $6 880-05 $a Jakhjakhean, Manuēl.
852 41 $a British Library $b OC $j 17070.d.3.
880 00 $6 245-01 / $a &#x0534;&#x056b;&#x057f;&#x0561;&#x056f; &#x0532;&#x056b;&#x0582;&#x0566;&#x0561;&#x0576;&#x0564;&#x0565;&#x0561;&#x0576; : $b &#x0577;&#x0561;&#x0562;&#x0561;&#x0569;&#x0561;&#x0569;&#x0565;&#x0580;&#x0569; &#x0561;&#x057a;&#x0561; &#x0565;&#x0580;&#x056f;&#x0577;&#x0561;&#x0562;&#x0561;&#x0569;&#x0561;&#x0569;&#x0565;&#x0580;&#x0569;, &#x057a;&#x0561;&#x057f;&#x0574;&#x0578;&#x0582;&#x0569;&#x056b;&#x0582;&#x0576; &#x0584;&#x0561;&#x0572;&#x0561;&#x0584;&#x0561;&#x056f;&#x0561;&#x0576; &#x0578;&#x0582; &#x057a;&#x0561;&#x057f;&#x0565;&#x0580;&#x0561;&#x0566;&#x0574;&#x0561;&#x056f;&#x0561;&#x0576;, &#x0562;&#x0561;&#x0576;&#x0561;&#x057d;&#x056b;&#x0580;&#x0561;&#x056f;&#x0561;&#x0576;, &#x0565;&#x056f;&#x0565;&#x0572;&#x0565;&#x0581;&#x0561;&#x056f;&#x0561;&#x0576; / $c &#x056d;&#x0574;&#x0562;. &#x0533;&#x0580;&#x056b;&#x0563;&#x0578;&#x0580; &#x0533;&#x0561;&#x057a;&#x0561;&#x0580;&#x0561;&#x0573;&#x0565;&#x0561;&#x0576;, &#x0544;. &#x0553;&#x056b;&#x0582;&#x057d;&#x056f;&#x056b;&#x0582;&#x056c;&#x0565;&#x0561;&#x0576;, &#x0544;. &#x054b;&#x0561;&#x056d;&#x057b;&#x0561;&#x056d;&#x0565;&#x0561;&#x0576;.
880    $6 260-02 / $a &#x056b; &#x054e;&#x0565;&#x0576;&#x0565;&#x057f;&#x056b;&#x056f; : $b &#x056b; &#x054e;&#x0561;&#x0576;&#x057d; &#x054d;&#x0580;&#x0562;&#x0578;&#x0575;&#x0576; &#x0542;&#x0561;&#x0566;&#x0561;&#x0580;&#x0578;&#x0582;, $c 1812-1816.
880 1  $6 700-03 / $a &#x053f;&#x0561;&#x0580;&#x0561;&#x057a;&#x0565;&#x057f;&#x0565;&#x0561;&#x0576;, &#x0533;&#x0580;&#x056b;&#x0563;&#x0578;&#x0580; &#x053d;&#x0561;&#x057a;&#x0561;&#x057c;&#x0561;&#x0573;&#x056b;.
880 1  $6 700-04 / $a &#x0553;&#x056b;&#x0582;&#x057d;&#x056f;&#x056b;&#x0582;&#x056c;&#x0565;&#x0561;&#x0576;, &#x0544;.
880 1  $6 700-05 / $a &#x054b;&#x0561;&#x056d;&#x057b;&#x0561;&#x056d;&#x0565;&#x0561;&#x0576;, &#x0544;&#x0561;&#x0576;&#x0578;&#x0582;&#x0567;&#x056c;.
985    $a armenian

