02797cam a2200325 a 4500
001 14877418
005 20071121185039.0
008 040502m19481961ai acf   b    000 0darm  
035    $a (Uk)006842308
906    $a p $b cbc $c undeter $d u $e ncip $f 20 $g y-nonroman
010    $a   2007970013
040    $a Uk $b eng $c Uk
100 1  $6 880-01 $a Abovyan, Khach&#x02bf;atur, $d 1805-1848
240 10 $a Works. $f 1948
245 10 $6 880-02 $a Erkeri liakatar zhoghovatsu ut&#x02bf; hatorov / $c Kh. Abovyan ; [khmb. kolegia, Av. Isahakyan ... [et al.]].
246 15 $6 880-03 $a Polnoe sobranie sochineniǐ v vosʹmi tomakh
260    $6 880-04 $a Erevan : $b HSSṚ Gitut&#x02bf;yunneri Akademiai Hratarakch&#x02bf;ut&#x02bf;yun, $c 1948-1961.
300    $a 8 v. in 10 books : $b ill., port. ; $c 26 cm.
500    $a Illustrated end-papers.
650  0 $a Armenian literature.
700 1  $6 880-05 $a Isahakyan, Avetik&#x02bf;, $d 1875-1957
710 2  $6 880-06 $a M. Abeghyani Anvan Grakanutʻyan Institut.
852 41 $a British Library $b OC $j 17046.h.1
880 1  $6 100-01 / $a &#x0531;&#x0562;&#x0578;&#x057e;&#x0575;&#x0561;&#x0576;, &#x053d;&#x0561;&#x0579;&#x0561;&#x057f;&#x0578;&#x0582;&#x0580;, $d 1805-1848.
880 10 $6 245-02 / $a &#x0535;&#x0580;&#x056f;&#x0565;&#x0580;&#x056b; &#x056c;&#x056b;&#x0561;&#x056f;&#x0561;&#x057f;&#x0561;&#x0580; &#x056a;&#x0578;&#x0572;&#x0578;&#x057e;&#x0561;&#x056e;&#x0578;&#x0582; &#x0578;&#x0582;&#x0569; &#x0570;&#x0561;&#x057f;&#x0578;&#x0580;&#x0578;&#x057e; / $c &#x053d;. &#x0531;&#x0562;&#x0578;&#x057e;&#x0575;&#x0561;&#x0576; ; [&#x056d;&#x0574;&#x0562;. &#x056f;&#x0578;&#x056c;&#x0565;&#x0563;&#x056b;&#x0561; &#x0531;&#x057e;. &#x053b;&#x057d;&#x0561;&#x0570;&#x0561;&#x056f;&#x0575;&#x0561;&#x0576; ... [&#x0587; &#x0578;&#x0582;&#x0580;&#x0577;&#x0576;.]].
880 15 $6 246-03 / $a Полное собрание сочинений в восьми томах
880    $6 260-04 / $a &#x0535;&#x0580;&#x0565;&#x057e;&#x0561;&#x0576; : $b &#x0540;&#x054d;&#x054d;&#x054c; &#x0533;&#x056b;&#x057f;&#x0578;&#x0582;&#x0569;&#x0575;&#x0578;&#x0582;&#x0576;&#x0576;&#x0565;&#x0580;&#x056b; &#x0531;&#x056f;&#x0561;&#x0564;&#x0565;&#x0574;&#x056b;&#x0561;&#x056b; &#x0540;&#x0580;&#x0561;&#x057f;&#x0561;&#x0580;&#x0561;&#x056f;&#x0579;&#x0578;&#x0582;&#x0569;&#x0575;&#x0578;&#x0582;&#x0576;, $c 1948-1961.
880 1  $6 700-05 / $a &#x053b;&#x057d;&#x0561;&#x0570;&#x0561;&#x056f;&#x0575;&#x0561;&#x0576;, &#x0531;&#x057e;&#x0565;&#x057f;&#x056b;&#x0584;, $d 1875-1957.
880 2  $6 710-06 / $a &#x0544;. &#x0531;&#x0562;&#x0565;&#x0572;&#x0575;&#x0561;&#x0576;&#x056b; &#x0531;&#x0576;&#x057e;&#x0561;&#x0576; &#x0533;&#x0580;&#x0561;&#x056f;&#x0561;&#x0576;&#x0578;&#x0582;&#x0569;&#x0575;&#x0561;&#x0576; &#x053b;&#x0576;&#x057d;&#x057f;&#x056b;&#x057f;&#x0578;&#x0582;&#x057f;.
985    $a armenian

